<record><leader>00000cas a22000007a 4500</leader><controlfield tag="001">39072086</controlfield><controlfield tag="008">980506d18911892vauwr ne      0    0eng d</controlfield><datafield ind1=" " ind2=" " tag="010"><subfield code="a">sn 98068359 </subfield></datafield><datafield ind1=" " ind2=" " tag="040"><subfield code="a">NVK</subfield><subfield code="b">eng</subfield><subfield code="c">NVK</subfield><subfield code="d">OCLCQ</subfield><subfield code="d">OCLCF</subfield><subfield code="d">OCLCO</subfield></datafield><datafield ind1="1" ind2=" " tag="029"><subfield code="a">AU@</subfield><subfield code="b">000013957550</subfield></datafield><datafield ind1=" " ind2=" " tag="042"><subfield code="a">msc</subfield></datafield><datafield ind1=" " ind2=" " tag="043"><subfield code="a">n-us-va</subfield></datafield><datafield ind1="0" ind2="4" tag="245"><subfield code="a">The Goshen blade.</subfield></datafield><datafield ind1=" " ind2=" " tag="260"><subfield code="a">Goshen, Va. :</subfield><subfield code="b">Murray &amp; Cisco</subfield></datafield><datafield ind1=" " ind2=" " tag="300"><subfield code="a">v.</subfield></datafield><datafield ind1=" " ind2=" " tag="310"><subfield code="a">Weekly</subfield></datafield><datafield ind1="1" ind2=" " tag="362"><subfield code="a">Began in 1891; ceased in 1892.</subfield><subfield code="z">Cf. Rowell.</subfield></datafield><datafield ind1=" " ind2=" " tag="500"><subfield code="a">Editor: J. Ogden Murray.</subfield></datafield><datafield ind1=" " ind2=" " tag="588"><subfield code="a">Description based on: Vol. 1, no. 3 (July 3, 1891).</subfield></datafield><datafield ind1=" " ind2="0" tag="651"><subfield code="a">Goshen (Va.)</subfield><subfield code="v">Newspapers.</subfield></datafield><datafield ind1=" " ind2="0" tag="651"><subfield code="a">Rockbridge County (Va.)</subfield><subfield code="v">Newspapers.</subfield></datafield><datafield ind1=" " ind2="7" tag="655"><subfield code="a">Newspapers.</subfield><subfield code="2">fast</subfield><subfield code="0">(OCoLC)fst01423814</subfield></datafield><datafield ind1=" " ind2="7" tag="651"><subfield code="a">Virginia</subfield><subfield code="z">Goshen.</subfield><subfield code="2">fast</subfield><subfield code="0">(OCoLC)fst01308791</subfield></datafield><datafield ind1=" " ind2="7" tag="651"><subfield code="a">Virginia</subfield><subfield code="z">Rockbridge County.</subfield><subfield code="2">fast</subfield><subfield code="0">(OCoLC)fst01216597</subfield></datafield><datafield ind1=" " ind2=" " tag="752"><subfield code="a">United States</subfield><subfield code="b">Virginia</subfield><subfield code="c">Rockbridge</subfield><subfield code="d">Goshen.</subfield></datafield><datafield ind1=" " ind2=" " tag="936"><subfield code="a">Vol. 2, no. 8 (Aug. 6, 1892) LIC.</subfield></datafield></record>